%% This BibTeX bibliography file was created using BibDesk.
%% https://bibdesk.sourceforge.io/

%% Created for Mohammad Reza Karimi at 2019-03-29 14:25:36 +0100 


%% Saved with string encoding Unicode (UTF-8) 



@inproceedings{altschuler2018online,
	Author = {Altschuler, Jason and Talwar, Kunal},
	Booktitle = {Conference On Learning Theory},
	Date-Added = {2019-03-29 06:56:46 +0100},
	Date-Modified = {2019-03-29 06:56:46 +0100},
	Pages = {1569--1573},
	Title = {Online learning over a finite action set with limited switching},
	Year = {2018}}

@inproceedings{karimi2019,
	Author = {Mohammad Reza Karimi and Andreas Krause and Silvio Lattanzi and Sergei Vassilvitskii},
	Booktitle = {Proceedings of the 22\textsuperscript{nd} International Conference on Artificial Intelligence and Statistics},
	Date-Added = {2019-03-29 05:01:05 +0100},
	Date-Modified = {2019-03-29 05:06:32 +0100},
	Publisher = {PMLR},
	Title = {Consistent Online Optimization: Convex and Submodular},
	Year = {2019}}

@article{bregman1967,
	Author = {L.M. Bregman},
	Date-Modified = {2019-03-29 04:58:22 +0100},
	Issn = {0041-5553},
	Journal = {USSR Computational Mathematics and Mathematical Physics},
	Number = {3},
	Pages = {200 - 217},
	Title = {The relaxation method of finding the common point of convex sets and its application to the solution of problems in convex programming},
	Volume = {7},
	Year = {1967},
	Bdsk-Url-1 = {https://doi.org/10.1016/0041-5553(67)90040-7}}

@article{hazan2015,
	Author = {Hazan, Elad},
	Journal = {Foundations and Trends\textsuperscript{{\textregistered}} in Optimization},
	Number = {3-4},
	Pages = {157--325},
	Publisher = {Now Publishers, Inc.},
	Title = {Introduction to Online Convex Optimization},
	Volume = {2},
	Year = {2015}}

@book{cesa2006prediction,
	Author = {Cesa-Bianchi, Nicolo and Lugosi, G{\'a}bor},
	Publisher = {Cambridge university press},
	Title = {Prediction, learning, and games},
	Year = {2006}}

@inproceedings{zinkevich2003online,
	Author = {Zinkevich, Martin},
	Booktitle = {Proceedings of the 20th International Conference on Machine Learning (ICML-03)},
	Pages = {928--936},
	Title = {Online convex programming and generalized infinitesimal gradient ascent},
	Year = {2003}}

@book{kingman1992poisson,
	Author = {Kingman, John Frank Charles},
	Publisher = {Clarendon Press},
	Title = {Poisson processes},
	Volume = {3},
	Year = {1992}}

@article{hazan2007logarithmic,
	Author = {Hazan, Elad and Agarwal, Amit and Kale, Satyen},
	Journal = {Machine Learning},
	Number = {2-3},
	Pages = {169--192},
	Publisher = {Springer},
	Title = {Logarithmic regret algorithms for online convex optimization},
	Volume = {69},
	Year = {2007}}

@book{fujishige2005submodular,
	Author = {Fujishige, Satoru},
	Publisher = {Elsevier},
	Title = {Submodular functions and optimization},
	Volume = {58},
	Year = {2005}}

@article{bach2016submodular,
	Author = {Bach, Francis},
	Journal = {Mathematical Programming},
	Pages = {1--41},
	Publisher = {Springer},
	Title = {Submodular functions: from discrete to continuous domains},
	Year = {2016}}

@incollection{lovasz1983submodular,
	Author = {Lov{\'a}sz, L{\'a}szl{\'o}},
	Booktitle = {Mathematical Programming The State of the Art},
	Pages = {235--257},
	Publisher = {Springer},
	Title = {Submodular functions and convexity},
	Year = {1983}}

@article{krause2012submodular,
	Author = {Krause, Andreas and Golovin, Daniel},
	Journal = {Tractability: Practical Approaches to Hard Problems},
	Number = {19},
	Pages = {8},
	Title = {Submodular function maximization},
	Volume = {3},
	Year = {2012}}

@inproceedings{krause05near,
	Author = {Andreas Krause and Carlos Guestrin},
	Booktitle = {Conference on Uncertainty in Artificial Intelligence (UAI)},
	Comment = {Winner of the Best Paper Runner-Up Award},
	Month = {July},
	Title = {Near-optimal Nonmyopic Value of Information in Graphical Models},
	Year = {2005}}

@inproceedings{lin2011class,
	Author = {Lin, Hui and Bilmes, Jeff},
	Booktitle = {Proceedings of the 49th Annual Meeting of the Association for Computational Linguistics: Human Language Technologies-Volume 1},
	Organization = {Association for Computational Linguistics},
	Pages = {510--520},
	Title = {A class of submodular functions for document summarization},
	Year = {2011}}

@article{kempe,
	Author = {Kempe, David and Kleinberg, Jon and Tardos, Eva.},
	Journal = {9\textsuperscript{th} ACM SIGKDD Conference on Knowledge Discovery and Data Mining},
	Pages = {137-146},
	Title = {Maximizing the spread of influence through a social network},
	Year = {2003}}

@inproceedings{soma2014optimal,
	Author = {Soma, Tasuku and Kakimura, Naonori and Inaba, Kazuhiro and Kawarabayashi, Ken-ichi},
	Booktitle = {International Conference on Machine Learning},
	Pages = {351--359},
	Title = {Optimal budget allocation: Theoretical guarantee and efficient algorithm},
	Year = {2014}}

@article{bian2016guaranteed,
	Author = {Bian, Andrew An and Mirzasoleiman, Baharan and Buhmann, Joachim M and Krause, Andreas},
	Journal = {International Conference on Artificial Intelligence and Statistics (AISTATS)},
	Title = {Guaranteed non-convex optimization: Submodular maximization over continuous domains},
	Year = {2017}}

@article{Topkis78,
	Author = {Donald M. Topkis},
	Journal = {Operations Research},
	Number = {2},
	Pages = {305--321},
	Publisher = {INFORMS},
	Title = {Minimizing a Submodular Function on a Lattice},
	Volume = {26},
	Year = {1978}}

@article{DBLP:journals/tit/MerhavOSW02,
	Author = {Neri Merhav and Erik Ordentlich and Gadiel Seroussi and Marcelo J. Weinberger},
	Bibsource = {dblp computer science bibliography, https://dblp.org},
	Biburl = {https://dblp.org/rec/bib/journals/tit/MerhavOSW02},
	Date-Modified = {2019-03-29 04:58:22 +0100},
	Journal = {{IEEE} Trans. Information Theory},
	Number = {7},
	Pages = {1947--1958},
	Timestamp = {Sun, 28 May 2017 13:18:39 +0200},
	Title = {On sequential strategies for loss functions with memory},
	Volume = {48},
	Year = {2002},
	Bdsk-Url-1 = {https://doi.org/10.1109/TIT.2002.1013135}}

@article{DBLP:journals/tit/GyorgyN14,
	Author = {Andr{\'{a}}s Gy{\"{o}}rgy and Gergely Neu},
	Bibsource = {dblp computer science bibliography, https://dblp.org},
	Biburl = {https://dblp.org/rec/bib/journals/tit/GyorgyN14},
	Date-Modified = {2019-03-29 04:58:22 +0100},
	Journal = {{IEEE} Trans. Information Theory},
	Number = {5},
	Pages = {2823--2834},
	Timestamp = {Sun, 28 May 2017 13:18:56 +0200},
	Title = {Near-Optimal Rates for Limited-Delay Universal Lossy Source Coding},
	Volume = {60},
	Year = {2014},
	Bdsk-Url-1 = {https://doi.org/10.1109/TIT.2014.2307062}}

@inproceedings{DBLP:conf/colt/GeulenVW10,
	Author = {Sascha Geulen and Berthold V{\"{o}}cking and Melanie Winkler},
	Bibsource = {dblp computer science bibliography, https://dblp.org},
	Biburl = {https://dblp.org/rec/bib/conf/colt/GeulenVW10},
	Booktitle = {{COLT} 2010 - The 23rd Conference on Learning Theory, Haifa, Israel, June 27-29, 2010},
	Date-Modified = {2019-03-29 04:58:22 +0100},
	Pages = {132--143},
	Timestamp = {Tue, 19 Feb 2013 17:09:31 +0100},
	Title = {Regret Minimization for Online Buffering Problems Using the Weighted Majority Algorithm},
	Year = {2010},
	Bdsk-Url-1 = {http://colt2010.haifa.il.ibm.com/papers/COLT2010proceedings.pdf%5C#page=140}}

@inproceedings{DBLP:conf/nips/AnavaHM15,
	Author = {Oren Anava and Elad Hazan and Shie Mannor},
	Bibsource = {dblp computer science bibliography, https://dblp.org},
	Biburl = {https://dblp.org/rec/bib/conf/nips/AnavaHM15},
	Booktitle = {Advances in Neural Information Processing Systems 28: Annual Conference on Neural Information Processing Systems 2015, December 7-12, 2015, Montreal, Quebec, Canada},
	Pages = {784--792},
	Title = {Online Learning for Adversaries with Memory: Price of Past Mistakes},
	Year = {2015}}

@article{Geulen2010,
	Author = {Geulen, Sascha and Berthold, V{\"{o}}cking and Winkler, Melanie},
	Journal = {COLT},
	Pages = {1--13},
	Title = {{Regret Minimization for Online Buffering Problems Using the Weighted Majority Algorithm âˆ—}},
	Volume = {52},
	Year = {2010}}

@article{Hassani2017,
	Author = {Hassani, Hamed and Soltanolkotabi, Mahdi and Karbasi, Amin},
	Title = {{Gradient Methods for Submodular Maximization}},
	Year = {2017}}

@article{DBLP:journals/siamdm/ImaseW91,
	Author = {Makoto Imase and Bernard M. Waxman},
	Bibsource = {dblp computer science bibliography, https://dblp.org},
	Biburl = {https://dblp.org/rec/bib/journals/siamdm/ImaseW91},
	Date-Modified = {2019-03-29 04:58:22 +0100},
	Journal = {{SIAM} J. Discrete Math.},
	Number = {3},
	Pages = {369--384},
	Timestamp = {Fri, 26 May 2017 22:54:47 +0200},
	Title = {Dynamic Steiner Tree Problem},
	Volume = {4},
	Year = {1991},
	Bdsk-Url-1 = {https://doi.org/10.1137/0404033}}

@article{DBLP:journals/siamcomp/GuG016,
	Author = {Albert Gu and Anupam Gupta and Amit Kumar},
	Bibsource = {dblp computer science bibliography, https://dblp.org},
	Biburl = {https://dblp.org/rec/bib/journals/siamcomp/GuG016},
	Date-Modified = {2019-03-29 04:58:22 +0100},
	Journal = {{SIAM} J. Comput.},
	Number = {1},
	Pages = {1--28},
	Timestamp = {Sat, 27 May 2017 14:22:58 +0200},
	Title = {The Power of Deferral: Maintaining a Constant-Competitive Steiner Tree Online},
	Volume = {45},
	Year = {2016},
	Bdsk-Url-1 = {https://doi.org/10.1137/140955276}}

@inproceedings{DBLP:conf/soda/GuptaK14,
	Author = {Anupam Gupta and Amit Kumar},
	Bibsource = {dblp computer science bibliography, https://dblp.org},
	Biburl = {https://dblp.org/rec/bib/conf/soda/GuptaK14},
	Booktitle = {Proceedings of the Twenty-Fifth Annual {ACM-SIAM} Symposium on Discrete Algorithms, {SODA} 2014, Portland, Oregon, USA, January 5-7, 2014},
	Date-Modified = {2019-03-29 04:58:22 +0100},
	Pages = {455--467},
	Timestamp = {Wed, 24 May 2017 08:31:21 +0200},
	Title = {Online Steiner Tree with Deletions},
	Year = {2014},
	Bdsk-Url-1 = {https://doi.org/10.1137/1.9781611973402.34}}

@inproceedings{DBLP:conf/stoc/LackiOPSZ15,
	Author = {Jakub Lacki and Jakub Ocwieja and Marcin Pilipczuk and Piotr Sankowski and Anna Zych},
	Bibsource = {dblp computer science bibliography, https://dblp.org},
	Biburl = {https://dblp.org/rec/bib/conf/stoc/LackiOPSZ15},
	Booktitle = {Proceedings of the Forty-Seventh Annual {ACM} on Symposium on Theory of Computing, {STOC} 2015, Portland, OR, USA, June 14-17, 2015},
	Date-Modified = {2019-03-29 04:58:22 +0100},
	Pages = {11--20},
	Timestamp = {Wed, 10 Jun 2015 17:20:57 +0200},
	Title = {The Power of Dynamic Distance Oracles: Efficient Dynamic Algorithms for the Steiner Tree},
	Year = {2015},
	Bdsk-Url-1 = {http://doi.acm.org/10.1145/2746539.2746615},
	Bdsk-Url-2 = {https://doi.org/10.1145/2746539.2746615}}

@article{DBLP:journals/siamcomp/MegowSVW16,
	Author = {Nicole Megow and Martin Skutella and Jos{\'{e}} Verschae and Andreas Wiese},
	Bibsource = {dblp computer science bibliography, https://dblp.org},
	Biburl = {https://dblp.org/rec/bib/journals/siamcomp/MegowSVW16},
	Date-Modified = {2019-03-29 04:58:22 +0100},
	Journal = {{SIAM} J. Comput.},
	Number = {3},
	Pages = {859--880},
	Timestamp = {Sat, 27 May 2017 14:22:58 +0200},
	Title = {The Power of Recourse for Online {MST} and {TSP}},
	Volume = {45},
	Year = {2016},
	Bdsk-Url-1 = {https://doi.org/10.1137/130917703}}

@article{DBLP:journals/algorithmica/AndrewsGZ99,
	Author = {Matthew Andrews and Michel X. Goemans and Lisa Zhang},
	Bibsource = {dblp computer science bibliography, https://dblp.org},
	Biburl = {https://dblp.org/rec/bib/journals/algorithmica/AndrewsGZ99},
	Date-Modified = {2019-03-29 04:58:22 +0100},
	Journal = {Algorithmica},
	Number = {4},
	Pages = {278--301},
	Timestamp = {Wed, 17 May 2017 14:25:12 +0200},
	Title = {Improved Bounds for On-Line Load Balancing},
	Volume = {23},
	Year = {1999},
	Bdsk-Url-1 = {https://doi.org/10.1007/PL00009263}}

@article{DBLP:journals/algorithmica/EpsteinL14,
	Author = {Leah Epstein and Asaf Levin},
	Bibsource = {dblp computer science bibliography, https://dblp.org},
	Biburl = {https://dblp.org/rec/bib/journals/algorithmica/EpsteinL14},
	Date-Modified = {2019-03-29 04:58:22 +0100},
	Journal = {Algorithmica},
	Number = {1},
	Pages = {26--57},
	Timestamp = {Wed, 17 May 2017 14:25:12 +0200},
	Title = {Robust Algorithms for Preemptive Scheduling},
	Volume = {69},
	Year = {2014},
	Bdsk-Url-1 = {https://doi.org/10.1007/s00453-012-9718-3}}

@article{DBLP:journals/algorithmica/PhillipsW98,
	Author = {Steven J. Phillips and Jeffery Westbrook},
	Bibsource = {dblp computer science bibliography, https://dblp.org},
	Biburl = {https://dblp.org/rec/bib/journals/algorithmica/PhillipsW98},
	Date-Modified = {2019-03-29 04:58:22 +0100},
	Journal = {Algorithmica},
	Number = {3},
	Pages = {245--261},
	Timestamp = {Wed, 17 May 2017 14:25:14 +0200},
	Title = {On-Line Load Balancing and Network Flow},
	Volume = {21},
	Year = {1998},
	Bdsk-Url-1 = {https://doi.org/10.1007/PL00009214}}

@article{DBLP:journals/mor/SandersSS09,
	Author = {Peter Sanders and Naveen Sivadasan and Martin Skutella},
	Bibsource = {dblp computer science bibliography, https://dblp.org},
	Biburl = {https://dblp.org/rec/bib/journals/mor/SandersSS09},
	Date-Modified = {2019-03-29 04:58:22 +0100},
	Journal = {Math. Oper. Res.},
	Number = {2},
	Pages = {481--498},
	Timestamp = {Sun, 28 May 2017 13:24:38 +0200},
	Title = {Online Scheduling with Bounded Migration},
	Volume = {34},
	Year = {2009},
	Bdsk-Url-1 = {https://doi.org/10.1287/moor.1090.0381}}

@inproceedings{DBLP:conf/esa/SkutellaV10,
	Author = {Martin Skutella and Jos{\'{e}} Verschae},
	Bibsource = {dblp computer science bibliography, https://dblp.org},
	Biburl = {https://dblp.org/rec/bib/conf/esa/SkutellaV10},
	Booktitle = {Algorithms - {ESA} 2010, 18th Annual European Symposium, Liverpool, UK, September 6-8, 2010. Proceedings, Part {I}},
	Date-Modified = {2019-03-29 04:58:22 +0100},
	Pages = {36--47},
	Timestamp = {Tue, 25 Jul 2017 16:35:22 +0200},
	Title = {A Robust {PTAS} for Machine Covering and Packing},
	Year = {2010},
	Bdsk-Url-1 = {https://doi.org/10.1007/978-3-642-15775-2%5C_4}}

@inproceedings{DBLP:conf/soda/GuptaKS14,
	Author = {Anupam Gupta and Amit Kumar and Cliff Stein},
	Bibsource = {dblp computer science bibliography, https://dblp.org},
	Biburl = {https://dblp.org/rec/bib/conf/soda/GuptaKS14},
	Booktitle = {Proceedings of the Twenty-Fifth Annual {ACM-SIAM} Symposium on Discrete Algorithms, {SODA} 2014, Portland, Oregon, USA, January 5-7, 2014},
	Date-Modified = {2019-03-29 04:58:22 +0100},
	Pages = {468--479},
	Timestamp = {Wed, 24 May 2017 08:31:21 +0200},
	Title = {Maintaining Assignments Online: Matching, Scheduling, and Flows},
	Year = {2014},
	Bdsk-Url-1 = {https://doi.org/10.1137/1.9781611973402.35}}

@article{DBLP:journals/jal/Westbrook00,
	Author = {Jeffery Westbrook},
	Bibsource = {dblp computer science bibliography, https://dblp.org},
	Biburl = {https://dblp.org/rec/bib/journals/jal/Westbrook00},
	Date-Modified = {2019-03-29 04:58:22 +0100},
	Journal = {J. Algorithms},
	Number = {1},
	Pages = {1--16},
	Timestamp = {Sun, 28 May 2017 13:24:58 +0200},
	Title = {Load Balancing for Response Time},
	Volume = {35},
	Year = {2000},
	Bdsk-Url-1 = {https://doi.org/10.1006/jagm.2000.1074}}

@inproceedings{DBLP:conf/stoc/GuptaK0P17,
	Author = {Anupam Gupta and Ravishankar Krishnaswamy and Amit Kumar and Debmalya Panigrahi},
	Bibsource = {dblp computer science bibliography, https://dblp.org},
	Biburl = {https://dblp.org/rec/bib/conf/stoc/GuptaK0P17},
	Booktitle = {Proceedings of the 49th Annual {ACM} {SIGACT} Symposium on Theory of Computing, {STOC} 2017, Montreal, QC, Canada, June 19-23, 2017},
	Date-Modified = {2019-03-29 04:58:22 +0100},
	Pages = {537--550},
	Timestamp = {Sat, 17 Jun 2017 18:46:57 +0200},
	Title = {Online and dynamic algorithms for set cover},
	Year = {2017},
	Bdsk-Url-1 = {http://doi.acm.org/10.1145/3055399.3055493},
	Bdsk-Url-2 = {https://doi.org/10.1145/3055399.3055493}}

@inproceedings{DBLP:conf/soda/BernsteinHR18,
	Author = {Aaron Bernstein and Jacob Holm and Eva Rotenberg},
	Bibsource = {dblp computer science bibliography, https://dblp.org},
	Biburl = {https://dblp.org/rec/bib/conf/soda/BernsteinHR18},
	Booktitle = {Proceedings of the Twenty-Ninth Annual {ACM-SIAM} Symposium on Discrete Algorithms, {SODA} 2018, New Orleans, LA, USA, January 7-10, 2018},
	Date-Modified = {2019-03-29 04:58:22 +0100},
	Pages = {947--959},
	Timestamp = {Thu, 04 Jan 2018 13:55:11 +0100},
	Title = {Online Bipartite Matching with Amortized Replacements},
	Year = {2018},
	Bdsk-Url-1 = {https://doi.org/10.1137/1.9781611975031.61}}

@inproceedings{DBLP:conf/icml/LattanziV17,
	Author = {Silvio Lattanzi and Sergei Vassilvitskii},
	Bibsource = {dblp computer science bibliography, https://dblp.org},
	Biburl = {https://dblp.org/rec/bib/conf/icml/LattanziV17},
	Booktitle = {Proceedings of the 34th International Conference on Machine Learning, {ICML} 2017, Sydney, NSW, Australia, 6-11 August 2017},
	Date-Modified = {2019-03-29 04:58:22 +0100},
	Pages = {1975--1984},
	Timestamp = {Wed, 16 Aug 2017 11:08:55 +0200},
	Title = {Consistent k-Clustering},
	Year = {2017},
	Bdsk-Url-1 = {http://proceedings.mlr.press/v70/lattanzi17a.html}}

@article{Karimi2017,
	Author = {Karimi, Mohammad Reza and Lucic, Mario and Hassani, Hamed and Krause, Andreas},
	Journal = {NIPS},
	Title = {{Stochastic Submodular Maximization: The Case of Coverage Functions}},
	Year = {2017}}

@article{Mirrokni2015,
	Author = {Mirrokni, Vahab and Zadimoghaddam, Morteza},
	Date-Modified = {2019-03-29 04:58:22 +0100},
	Eprint = {1506.06715},
	Title = {{Randomized Composable Core-sets for Distributed Submodular Maximization}},
	Year = {2015},
	Bdsk-Url-1 = {http://arxiv.org/abs/1506.06715}}

@article{Lin2012,
	Author = {Lin, Minghong and Wierman, Adam and Roytman, Alan and Meyerson, Adam and Andrew, Lachlan L.H.},
	Date-Modified = {2019-03-29 04:58:22 +0100},
	Journal = {ACM SIGMETRICS Performance Evaluation Review},
	Number = {3},
	Title = {{Online optimization with switching cost}},
	Volume = {40},
	Year = {2012},
	Bdsk-Url-1 = {http://dl.acm.org/citation.cfm?doid=2425248.2425275}}

@article{Lattanzi2017,
	Author = {Lattanzi, Silvio and Vassilvitskii, Sergei},
	Journal = {Proceedings of the 34th International Conference on Machine Learning},
	Title = {{Consistent $k$-Clustering}},
	Volume = {70},
	Year = {2017}}

@inproceedings{chen18f,
	Author = {Lin Chen and Hamed Hassani and Amin Karbasi},
	Booktitle = {Proceedings of the Twenty-First International Conference on Artificial Intelligence and Statistics},
	Pages = {1896--1905},
	Publisher = {PMLR},
	Title = {Online Continuous Submodular Maximization},
	Volume = {84},
	Year = {2018}}

@article{Chekuri2009,
	Author = {Chekuri, Chandra and Vondr\'{a}k, Jan and Zenklusen, Rico},
	Journal = {Computer},
	Title = {{Dependent Randomized Rounding for Matroid Polytopes and Applications}},
	Year = {2009}}

@article{Calinescu2011,
	Author = {Calinescu, Gruia and Chekuri, Chandra and P{\'{a}}l, Martin and Vondr{\'{a}}k, Jan},
	Journal = {SIAM Journal on Computing},
	Number = {6},
	Title = {{Maximizing a Monotone Submodular Function Subject to a Matroid Constraint}},
	Volume = {40},
	Year = {2011}}

@article{hazan2016introduction,
	Author = {Hazan, Elad and others},
	Journal = {Foundations and Trends\textsuperscript{{\textregistered}} in Optimization},
	Number = {3-4},
	Pages = {157--325},
	Publisher = {Now Publishers, Inc.},
	Title = {Introduction to online convex optimization},
	Volume = {2},
	Year = {2016}}

@article{Hazan2014,
	Author = {Hazan, Elad and Kale, Satyen},
	Journal = {Journal of Machine Learning Research},
	Number = {2007},
	Pages = {2489--2512},
	Title = {{Beyond the regret minimization barrier : an optimal algorithm for stochastic strongly-convex optimization}},
	Volume = {15},
	Year = {2014}}

@inproceedings{leskovec07cost,
	Author = {Jure Leskovec and Andreas Krause and Carlos Guestrin and Christos Faloutsos and Jeanne VanBriesen and Natalie Glance},
	Booktitle = {ACM SIGKDD International Conference on Knowledge Discovery and Data Mining (KDD)},
	Location = {San Jose, California},
	Month = {August},
	Pages = {420--429},
	Title = {Cost-effective Outbreak Detection in Networks},
	Year = {2007}}

@article{ostfeld08bwsn,
	Author = {{Avi Ostfeld et al.}},
	Date-Modified = {2019-03-29 04:58:22 +0100},
	Journal = {Journal of Water Resources Planning and Management},
	Number = {6},
	Pages = {556-568},
	Title = {The Battle of Water Sensor Networks (BWSN): A Design Challenge for Engineers and Algorithms},
	Volume = {134},
	Year = {2008},
	Bdsk-Url-1 = {https://doi.org/10.1061/(ASCE)0733-9496(2008)134:6(556)}}

@article{lecun1998mnist,
	Author = {LeCun, Yann},
	Journal = {http://yann. lecun. com/exdb/mnist/},
	Title = {The MNIST database of handwritten digits},
	Year = {1998}}

@article{nemhauser1978analysis,
	Author = {Nemhauser, George L and Wolsey, Laurence A and Fisher, Marshall L},
	Journal = {Mathematical programming},
	Number = {1},
	Pages = {265--294},
	Publisher = {Springer},
	Title = {An analysis of approximations for maximizing submodular set functions---I},
	Volume = {14},
	Year = {1978}}

@misc{krause2014submodular,
	Author = {Krause, Andreas and Golovin, Daniel},
	Title = {Submodular function maximization.},
	Year = {2014}}

@article{manasse1990competitive,
	Author = {Manasse, Mark S and McGeoch, Lyle A and Sleator, Daniel D},
	Journal = {Journal of Algorithms},
	Number = {2},
	Pages = {208--230},
	Publisher = {Elsevier},
	Title = {Competitive algorithms for server problems},
	Volume = {11},
	Year = {1990}}

@article{bubeck2017,
	Author = {S{\'{e}}bastien Bubeck and Michael B. Cohen and James R. Lee and Yin Tat Lee and Aleksander Madry},
	Journal = {CoRR},
	Title = {k-server via multiscale entropic regularization},
	Volume = {abs/1711.01085},
	Year = {2017}}

@inproceedings{argue2019nearly,
	Author = {Argue, CJ and Bubeck, S{\'e}bastien and Cohen, Michael B and Gupta, Anupam and Lee, Yin Tat},
	Booktitle = {Proceedings of the Thirtieth Annual ACM-SIAM Symposium on Discrete Algorithms},
	Organization = {SIAM},
	Pages = {117--122},
	Title = {A nearly-linear bound for chasing nested convex bodies},
	Year = {2019}}

@inproceedings{chen2018projection,
	Author = {Chen, Lin and Harshaw, Christopher and Hassani, Hamed and Karbasi, Amin},
	Booktitle = {International Conference on Machine Learning},
	Pages = {813--822},
	Title = {Projection-Free Online Optimization with Stochastic Gradient: From Convexity to Submodularity},
	Year = {2018}}
